<?xml version="1.0" encoding="UTF-8"?><collection xmlns="http://www.loc.gov/MARC21/slim"><record><leader>00363nam--2200133-i-4500</leader><controlfield tag="001">000048275</controlfield><controlfield tag="002">20161230</controlfield><controlfield tag="005">20161230201046</controlfield><controlfield tag="008">060222s1000------------r-----000-0-eng-d</controlfield><datafield ind1=" " ind2=" " tag="080"><subfield code="a">669.017:621.039.542</subfield></datafield><datafield ind1=" " ind2=" " tag="245"><subfield code="a">Physical metallurgy of reactor fuel elements</subfield></datafield><datafield ind1=" " ind2=" " tag="260"><subfield code="a">London, The Metals Society, 1975, 474p</subfield></datafield><datafield ind1=" " ind2=" " tag="700"><subfield code="a">Harris,J.E.Andsykes,E.C</subfield></datafield><datafield ind1=" " ind2=" " tag="852"><subfield code="a">45601</subfield></datafield></record></collection>